@article{example-article,
	author  = {Author, A.},
	title   = {Title of the Article},
	journal = {Journal Name},
	year    = {2022},
	volume  = {10},
	number  = {2},
	pages   = {100-120},
}
